% Encoding: ISO-8859-1

@Article{Ahn2009Eigenvalue,
  author    = {Seung C. Ahn and Alex R. Horenstein},
  title     = {Eigenvalue Ratio Test for the Number of Factors},
  journal   = {Econometrica},
  year      = {2013},
  volume    = {81},
  number    = {3},
  pages     = {1203--1227},
  doi       = {10.3982/ecta8968},
  keywords  = {rank5},
  publisher = {The Econometric Society},
}

@Article{Anderson1986Asymptotic,
  author  = {Anderson, T. W.},
  title   = {Asymptotic Theory for Principal Component Analysis},
  journal = {Ann. Math. Statist.},
  year    = {1963},
  volume  = {34},
  number  = {1},
  pages   = {122-148},
}

@Article{Bai2002,
  author    = {Jushan Bai and Serena Ng},
  title     = {Determining the Number of Factors in Approximate Factor Models},
  journal   = {Econometrica},
  year      = {2002},
  volume    = {70},
  number    = {1},
  pages     = {191--221},
  month     = {jan},
  doi       = {10.1111/1468-0262.00273},
  publisher = {The Econometric Society},
}

@Article{Bai1996Efiect,
  author     = {Bai, Zhidong and Saranadasa, Hewa},
  title      = {Effect of high dimension: by an example of a two sample problem},
  journal    = {Statistica Sinica},
  year       = {1996},
  volume     = {6},
  number     = {2},
  pages      = {311--329},
  fjournal   = {Statist. Sinica},
  keywords   = {rank5},
  mrclass    = {62H15 (60F05 62E20)},
  mrnumber   = {1399305},
  mrreviewer = {T{\~o}nu Kollo},
}

@Article{Birnbaum2013,
  author        = {Aharon Birnbaum and Iain M. Johnstone and Boaz Nadler and Debashis Paul},
  title         = {Minimax bounds for sparse {PCA} with noisy high-dimensional data},
  journal       = {Ann. Statist.},
  year          = {2013},
  volume        = {41},
  number        = {3},
  pages         = {1055--1084},
  month         = {jun},
  __markedentry = {[kfeng123:5]},
  doi           = {10.1214/12-aos1014},
  keywords      = {rank5},
  publisher     = {Institute of Mathematical Statistics},
}

@Article{Cai2015Optimal,
  author        = {Cai, Tony and Ma, Zongming and Wu, Yihong},
  title         = {Optimal estimation and rank detection for sparse spiked covariance matrices},
  journal       = {Probab. Theory Related Fields},
  year          = {2015},
  volume        = {161},
  number        = {3-4},
  pages         = {781-815},
  __markedentry = {[kfeng123:1]},
  file          = {Cai2015Optimal.pdf:Cai2015Optimal.pdf:PDF},
  groups        = {factor and PCA, variance estimation},
}


@Article{Cai2012Sparse,
  author    = {T. Tony Cai and Zongming Ma and Yihong Wu},
  title     = {Sparse {PCA}: Optimal rates and adaptive estimation},
  journal   = {Ann. Statist.},
  year      = {2013},
  volume    = {41},
  number    = {6},
  pages     = {3074--3110},
  month     = {dec},
  doi       = {10.1214/13-aos1178},
  keywords  = {rank5},
  publisher = {Institute of Mathematical Statistics},
}

@Article{Chen2011A,
  author    = {Lin S. Chen and Debashis Paul and Ross L. Prentice and Pei Wang},
  title     = {A Regularized Hotelling's {$T^2$} Test for Pathway Analysis in Proteomic Studies},
  journal   = {J. Amer. Statist. Assoc.},
  year      = {2011},
  volume    = {106},
  number    = {496},
  pages     = {1345--1360},
  month     = {dec},
  doi       = {10.1198/jasa.2011.ap10599},
  keywords  = {rank5},
  publisher = {Informa {UK} Limited},
}

@Article{Chen2010A,
  author    = {Song Xi Chen and Ying-Li Qin},
  title     = {A two-sample test for high-dimensional data with applications to gene-set testing},
  journal   = {Ann. Statist.},
  year      = {2010},
  volume    = {38},
  number    = {2},
  pages     = {808--835},
  month     = {apr},
  doi       = {10.1214/09-aos716},
  keywords  = {rank5},
  publisher = {Institute of Mathematical Statistics},
}

@Book{DAVIDSON2001317,
  title     = {Handbook of the Geometry of Banach Spaces},
  publisher = {North-Holland},
  year      = {2001},
  author    = {Kenneth R. Davidson and Stanislaw J. Szarek},
  volume    = {1},
  address   = {Amsterdam},
  issn      = {1874-5849},
  pages     = {317 - 366},
  }
 
@Book{matrixComputations,
  title     = {Matrix Computations},
  publisher = {The Johns Hopkins University Press},
  year      = {2013},
  author    = {Golub, Gene H. and Van Loan, Charles F.},
  edition   = {Fourth},
  file      = {matrixComputations.pdf:matrixComputations.pdf:PDF},
  groups    = {book},
  owner     = {kfeng123},
  timestamp = {2017.04.20},
}
 

@Book{Horn1985Matrix,
  title         = {Matrix Analysis},
  publisher     = {Cambridge University Press},
  year          = {2012},
  author        = {Roger A. Horn and Charles R. Johnson},
  address       = {New York},
  edition       = {2nd},
  isbn          = {9780521548236},
  __markedentry = {[kfeng123:5]},
  keywords      = {rank5},
}

@Article{Jung2009PCA,
  author        = {Sungkyu Jung and J. S. Marron},
  title         = {{PCA} consistency in high dimension, low sample size context},
  journal       = {Ann. Statist.},
  year          = {2009},
  volume        = {37},
  number        = {6B},
  pages         = {4104--4130},
  month         = {dec},
  __markedentry = {[kfeng123:1]},
  doi           = {10.1214/09-aos709},
  keywords      = {rank5},
  publisher     = {Institute of Mathematical Statistics},
}



  

@InCollection{Lopes2015A,
  author    = {Lopes, Miles and Laurent Jacob and Wainwright, Martin J},
  title     = {A More Powerful Two-Sample Test in High Dimensions using Random Projection},
  booktitle = {Advances in Neural Information Processing Systems 24},
  publisher = {Curran Associates, Inc.},
  year      = {2011},
  pages     = {1206--1214},
  keywords  = {rank5},
}

@Article{Ma2015A,
  author    = {Yingying Ma and Wei Lan and Hansheng Wang},
  title     = {A high dimensional two-sample test under a low dimensional factor structure},
  journal   = {J. Multivariate Anal.},
  year      = {2015},
  volume    = {140},
  pages     = {162--170},
  month     = {sep},
  doi       = {10.1016/j.jmva.2015.05.005},
  keywords  = {rank5},
  publisher = {Elsevier {BV}},
}

@Article{Passemier2015,
  author    = {Damien Passemier and Zhaoyuan Li and Jianfeng Yao},
  title     = {On estimation of the noise variance in high dimensional probabilistic principal component analysis},
  journal   = {J. R. Stat. Soc. Ser. B},
  year      = {2017},
  volume    = {79},
  number    = {1},
  pages     = {51--67},
  month     = {dec},
  doi       = {10.1111/rssb.12153},
  keywords  = {rank5},
  publisher = {Wiley-Blackwell},
}



@Article{Srivastava2008A,
  author    = {Muni S. Srivastava and Meng Du},
  title     = {A test for the mean vector with fewer observations than the dimension},
  journal   = {J. Multivariate Anal.},
  year      = {2008},
  volume    = {99},
  number    = {3},
  pages     = {386--402},
  month     = {mar},
  doi       = {10.1016/j.jmva.2006.11.002},
  keywords  = {rank5},
  publisher = {Elsevier {BV}},
}

@Article{Srivastava2014RAPTT,
  author    = {Radhendushka Srivastava and Ping Li and David Ruppert},
  title     = {{RAPTT}: An Exact Two-Sample Test in High Dimensions Using Random Projections},
  journal   = {J. Comput. Graph. Statist.},
  year      = {2016},
  volume    = {25},
  number    = {3},
  pages     = {954--970},
  month     = {jul},
  doi       = {10.1080/10618600.2015.1062771},
  keywords  = {rank5},
  publisher = {Informa {UK} Limited},
}

@Article{Thulin2014A,
  author    = {M{\aa}ns Thulin},
  title     = {A high-dimensional two-sample test for the mean using random subspaces},
  journal   = {Comput. Statist. Data Anal.},
  year      = {2014},
  volume    = {74},
  pages     = {26--38},
  month     = {jun},
  doi       = {10.1016/j.csda.2013.12.003},
  keywords  = {rank5},
  publisher = {Elsevier {BV}},
}




@Article{Fan2015Asymptotics,
  AUTHOR = {Wang, Weichen and Fan, Jianqing},
     TITLE = {Asymptotics of empirical eigenstructure for high dimensional
              spiked covariance},
   JOURNAL = {Ann. Statist.},
    VOLUME = {45},
      YEAR = {2017},
    NUMBER = {3},
     PAGES = {1342--1374},
      ISSN = {0090-5364},
   MRCLASS = {62H25 (62H10)},
  MRNUMBER = {3662457},
       doi = {10.1214/16-AOS1487},
}





@Article{Zhao2016A,
  author   = {Zhao, Junguang and Xu, Xingzhong},
  title    = {A generalized likelihood ratio test for normal mean when {$p$} is greater than {$n$}},
  journal  = {Comput. Statist. Data Anal.},
  year     = {2016},
  volume   = {99},
  pages    = {91--104},
  issn     = {0167-9473},
  doi      = {10.1016/j.csda.2016.01.006},
  keywords = {rank5},
  mrclass  = {62H15},
  mrnumber = {3473084},
}
















@Comment{jabref-meta: databaseType:bibtex;}
